@article{shepard1961learning,
  title={Learning and memorization of classifications.},
  author={Shepard, Roger N and Hovland, Carl I and Jenkins, Herbert M},
  journal={Psychological monographs: General and applied},
  volume={75},
  number={13},
  pages={1},
  year={1961},
  publisher={American Psychological Association}
}

@book{fodor1975language,
  title={The language of thought},
  author={Fodor, Jerry A},
  volume={5},
  year={1975},
  publisher={Harvard university press}
}

@article{juslin2003cue,
  title={Cue abstraction and exemplar memory in categorization.},
  author={Juslin, Peter and Jones, Sari and Olsson, Henrik and Winman, Anders},
  journal={Journal of Experimental Psychology: Learning, Memory, and Cognition},
  volume={29},
  number={5},
  pages={924},
  year={2003},
  publisher={American Psychological Association}
}

@article{juslin2003exemplar,
  title={Exemplar effects in categorization and multiple-cue judgment.},
  author={Juslin, Peter and Olsson, Henrik and Olsson, Anna-Carin},
  journal={Journal of Experimental Psychology: General},
  volume={132},
  number={1},
  pages={133},
  year={2003},
  publisher={American Psychological Association}
}

@techreport{goodman2014concepts,
  title={Concepts in a probabilistic language of thought},
  author={Goodman, Noah D and Tenenbaum, Joshua B and Gerstenberg, Tobias},
  year={2014},
  institution={Center for Brains, Minds and Machines (CBMM)}
}

@article{piantadosi2016logical,
  title={The logical primitives of thought: Empirical foundations for compositional cognitive models.},
  author={Piantadosi, Steven T and Tenenbaum, Joshua B and Goodman, Noah D},
  journal={Psychological review},
  volume={123},
  number={4},
  pages={392},
  year={2016},
  publisher={American Psychological Association}
}

@article{tano2018learning,
  title={Towards a more flexible Language of Thought: Bayesian grammar updates after each concept exposure},
  author={Tano, Pablo and Romano, Sergio and Sigman, Mariano and Salles, Alejo and Figueira, Santiago},
  journal={arXiv preprint arXiv:1805.06924},
  year={2018}
}

@article{romano2018bayesian,
  title={Bayesian validation of grammar productions for the language of thought},
  author={Romano, Sergio and Salles, Alejo and Amalric, Marie and Dehaene, Stanislas and Sigman, Mariano and Figueira, Santiago},
  journal={PLOS ONE},
  volume={13},
  number={7},
  year={2018},
  publisher={Public Library of Science}
}

@article{amalric2017language,
  title={The language of geometry: Fast comprehension of geometrical primitives and rules in human adults and preschoolers},
  author={Amalric, Marie and Wang, Liping and Pica, Pierre and Figueira, Santiago and Sigman, Mariano and Dehaene, Stanislas},
  journal={PLOS computational biology},
  volume={13},
  number={1},
  pages={e1005273},
  year={2017},
  publisher={Public Library of Science}
}

@article{xu2007word,
  title={Word learning as Bayesian inference.},
  author={Xu, Fei and Tenenbaum, Joshua B},
  journal={Psychological Review},
  volume={114},
  number={2},
  pages={245},
  year={2007},
  publisher={American Psychological Association}
}

@book{li2008introduction,
  title={An introduction to Kolmogorov complexity and its applications},
  author={Li, Ming and Vit{\'a}nyi, Paul and others},
  volume={3},
  year={2008},
  publisher={Springer}
}

@article{feldman2003simplicity,
  title={The simplicity principle in human concept learning},
  author={Feldman, Jacob},
  journal={Current directions in psychological science},
  volume={12},
  number={6},
  pages={227--232},
  year={2003},
  publisher={SAGE Publications Sage CA: Los Angeles, CA}
}

@article{blair2003easy,
  title={As easy to memorize as they are to classify: The 5--4 categories and the category advantage},
  author={Blair, Mark and Homa, Don},
  journal={Memory \& Cognition},
  volume={31},
  number={8},
  pages={1293--1301},
  year={2003},
  publisher={Springer}
}

@article{minda2001prototypes,
  title={Prototypes in category learning: the effects of category size, category structure, and stimulus complexity.},
  author={Minda, John Paul and Smith, J David},
  journal={Journal of Experimental Psychology: Learning, Memory, and Cognition},
  volume={27},
  number={3},
  pages={775},
  year={2001},
  publisher={American Psychological Association}
}

@article{tenenbaum2011grow,
  title={How to grow a mind: Statistics, structure, and abstraction},
  author={Tenenbaum, Joshua B and Kemp, Charles and Griffiths, Thomas L and Goodman, Noah D},
  journal={science},
  volume={331},
  number={6022},
  pages={1279--1285},
  year={2011},
  publisher={American Association for the Advancement of Science}
}

@book{cohen2005handbook,
  title={Handbook of categorization in cognitive science},
  author={Cohen, Henri and Lefebvre, Claire},
  year={2005},
  publisher={Elsevier}
}

@article{ashby2011human,
  title={Human category learning 2.0},
  author={Ashby, F Gregory and Maddox, W Todd},
  journal={Annals of the New York Academy of Sciences},
  volume={1224},
  pages={147},
  year={2011},
  publisher={NIH Public Access}
}

@article{maddox1993comparing,
  title={Comparing decision bound and exemplar models of categorization},
  author={Maddox, W Todd and Ashby, F Gregory},
  journal={Perception \& psychophysics},
  volume={53},
  number={1},
  pages={49--70},
  year={1993},
  publisher={Springer}
}

@article{nosofsky1994rule,
  title={Rule-plus-exception model of classification learning.},
  author={Nosofsky, Robert M and Palmeri, Thomas J and McKinley, Stephen C},
  journal={Psychological Review},
  volume={101},
  number={1},
  pages={53},
  year={1994},
  publisher={American Psychological Association}
}

@article{nosofsky1994comparing,
  title={Comparing modes of rule-based classification learning: A replication and extension of Shepard, Hovland, and Jenkins (1961)},
  author={Nosofsky, Robert M and Gluck, Mark A and Palmeri, Thomas J and McKinley, Stephen C and Glauthier, Paul},
  journal={Memory \& cognition},
  volume={22},
  number={3},
  pages={352--369},
  year={1994},
  publisher={Springer}
}

@article{rehder2005eyetracking,
  title={Eyetracking and selective attention in category learning},
  author={Rehder, Bob and Hoffman, Aaron B},
  journal={Cognitive psychology},
  volume={51},
  number={1},
  pages={1--41},
  year={2005},
  publisher={Elsevier}
}

@article{lewandowsky2011working,
  title={Working memory capacity and categorization: individual differences and modeling.},
  author={Lewandowsky, Stephan},
  journal={Journal of Experimental Psychology: Learning, Memory, and Cognition},
  volume={37},
  number={3},
  pages={720},
  year={2011},
  publisher={American Psychological Association}
}

@article{goodman2008rational,
  title={A Rational Analysis of Rule-Based Concept Learning},
  author={Goodman, Noah D and Tenenbaum, Joshua B and Feldman, Jacob and Griffiths, Thomas L},
  journal={Cognitive science},
  volume={32},
  number={1},
  pages={108--154},
  year={2008},
  publisher={Wiley Online Library}
}

@article{kemp2012exploring,
  title={Exploring the conceptual universe.},
  author={Kemp, Charles},
  journal={Psychological Review},
  volume={119},
  number={4},
  pages={685},
  year={2012},
  publisher={American Psychological Association}
}

@article{kim2011prior,
  title={How prior knowledge affects selective attention during category learning: An eyetracking study},
  author={Kim, ShinWoo and Rehder, Bob},
  journal={Memory \& cognition},
  volume={39},
  number={4},
  pages={649--665},
  year={2011},
  publisher={Springer}
}

@article{crump2013evaluating,
  title={Evaluating {A}mazon's {M}echanical {T}urk as a tool for experimental behavioral research},
  author={Crump, Matthew JC and McDonnell, John V and Gureckis, Todd M},
  journal={PLOS ONE},
  volume={8},
  number={3},
  pages={e57410},
  year={2013},
  publisher={Public Library of Science}
}

@inproceedings{dechter2013bootstrap,
  title={Bootstrap learning via modular concept discovery},
  author={Dechter, Eyal and Malmaud, Jon and Adams, Ryan P and Tenenbaum, Joshua B},
  booktitle={Twenty-Third International Joint Conference on Artificial Intelligence},
  year={2013}
}

@article{hahn1998similarity,
  title={Similarity and rules: distinct? exhaustive? empirically distinguishable?},
  author={Hahn, Ulrike and Chater, Nick},
  journal={Cognition},
  volume={65},
  number={2-3},
  pages={197--230},
  year={1998},
  publisher={Elsevier}
}

@article{gentner1983structure,
  title={Structure-mapping: A theoretical framework for analogy},
  author={Gentner, Dedre},
  journal={Cognitive science},
  volume={7},
  number={2},
  pages={155--170},
  year={1983},
  publisher={Elsevier}
}

@article{buhrmester2011amazon,
  title={{A}mazon's {M}echanical {T}urk: A new source of inexpensive, yet high-quality, data?},
  author={Buhrmester, Michael and Kwang, Tracy and Gosling, Samuel D},
  journal={Perspectives on psychological science},
  volume={6},
  number={1},
  pages={3--5},
  year={2011},
  publisher={Sage Publications Sage CA: Los Angeles, CA}
}

@article{stewart2015average,
  title={The average laboratory samples a population of 7,300 {A}mazon {M}echanical {T}urk workers},
  author={Stewart, Neil and Ungemach, Christoph and Harris, Adam JL and Bartels, Daniel M and Newell, Ben R and Paolacci, Gabriele and Chandler, Jesse and others},
  journal={Judgment and Decision making},
  volume={10},
  number={5},
  pages={479--491},
  year={2015},
  publisher={Society for Judgment and Decision Making}
}

@article{feldman2000minimization,
  title={Minimization of {B}oolean complexity in human concept learning},
  author={Feldman, Jacob},
  journal={Nature},
  volume={407},
  number={6804},
  pages={630--633},
  year={2000},
  publisher={Nature Publishing Group}
  }
  
  @article{ashby2005human,
  title={Human category learning},
  author={Ashby, F Gregory and Maddox, W Todd},
  journal={Annu. Rev. Psychol.},
  volume={56},
  pages={149--178},
  year={2005},
  publisher={Annual Reviews}
}

@article{schyns1998development,
  title={The development of features in object concepts},
  author={Schyns, Philippe G and Goldstone, Robert L and Thibaut, Jean-Pierre},
  journal={Behavioral and brain Sciences},
  volume={21},
  number={1},
  pages={1--17},
  year={1998},
  publisher={Cambridge University Press}
}

@book{grunwald2007minimum,
  title={The minimum description length principle},
  author={Gr{\"u}nwald, Peter D and Grunwald, Abhijit},
  year={2007},
  publisher={MIT press}
}

@article{frensch1998learning,
  title={Learning versus behavioral expression of the learned: The effects of a secondary tone-counting task on implicit learning in the serial reaction task},
  author={Frensch, Peter A and Lin, Jennifer and Buchner, Axel},
  journal={Psychological research},
  volume={61},
  number={2},
  pages={83--98},
  year={1998},
  publisher={Springer}
}

@article{gershman2015computational,
  title={Computational rationality: A converging paradigm for intelligence in brains, minds, and machines},
  author={Gershman, Samuel J and Horvitz, Eric J and Tenenbaum, Joshua B},
  journal={Science},
  volume={349},
  number={6245},
  pages={273--278},
  year={2015},
  publisher={American Association for the Advancement of Science}
}

@article{blair2009extremely,
  title={Extremely selective attention: Eye-tracking studies of the dynamic allocation of attention to stimulus features in categorization.},
  author={Blair, Mark R and Watson, Marcus R and Walshe, R Calen and Maj, Fillip},
  journal={Journal of Experimental Psychology: Learning, Memory, and Cognition},
  volume={35},
  number={5},
  pages={1196},
  year={2009},
  publisher={American Psychological Association}
}

@article{bourne1970knowing,
  title={Knowing and using concepts.},
  author={Bourne, Lyle E},
  journal={Psychological Review},
  volume={77},
  number={6},
  pages={546},
  year={1970},
  publisher={American Psychological Association}
}

@article{kruschke1996dimensional,
  title={Dimensional relevance shifts in category learning},
  author={Kruschke, John K},
  journal={Connection Science},
  volume={8},
  number={2},
  pages={225--248},
  year={1996},
  publisher={Taylor \& Francis}
}

@article{carvalho2014putting,
  title={Putting category learning in order: Category structure and temporal arrangement affect the benefit of interleaved over blocked study},
  author={Carvalho, Paulo F and Goldstone, Robert L},
  journal={Memory \& cognition},
  volume={42},
  number={3},
  pages={481--495},
  year={2014},
  publisher={Springer}
}

@article{bengio2013representation,
  title={Representation learning: A review and new perspectives},
  author={Bengio, Yoshua and Courville, Aaron and Vincent, Pascal},
  journal={IEEE transactions on pattern analysis and machine intelligence},
  volume={35},
  number={8},
  pages={1798--1828},
  year={2013},
  publisher={IEEE}
}

@article{lake2015human,
  title={Human-level concept learning through probabilistic program induction},
  author={Lake, Brenden M and Salakhutdinov, Ruslan and Tenenbaum, Joshua B},
  journal={Science},
  volume={350},
  number={6266},
  pages={1332--1338},
  year={2015},
  publisher={American Association for the Advancement of Science}
}

@article{tano2020towards,
  title = {Towards a more flexible language of thought: Bayesian grammar updates after each concept exposure},
  author = {Tano, Pablo and Romano, Sergio and Sigman, Mariano and Salles, Alejo and Figueira, Santiago},
  journal = {Phys. Rev. E},
  volume = {101},
  issue = {4},
  pages = {042128},
  numpages = {8},
  year = {2020},
  month = {Apr},
  publisher = {American Physical Society},
  doi = {10.1103/PhysRevE.101.042128},
  url = {https://link.aps.org/doi/10.1103/PhysRevE.101.042128}
}

@article{piantadosi2012bootstrapping,
  title={Bootstrapping in a language of thought: A formal model of numerical concept learning},
  author={Piantadosi, Steven T and Tenenbaum, Joshua B and Goodman, Noah D},
  journal={Cognition},
  volume={123},
  number={2},
  pages={199--217},
  year={2012},
  publisher={Elsevier}
}


@article{anson2018taking,
  title={Taking the time? Explaining effortful participation among low-cost online survey participants},
  author={Anson, Ian G},
  journal={Research \& Politics},
  volume={5},
  number={3},
  pages={2053168018785483},
  year={2018},
  publisher={SAGE Publications Sage UK: London, England}
}


@article{luchins1942mechanization,
  title={Mechanization in problem solving: The effect of Einstellung.},
  author={Luchins, Abraham S},
  journal={Psychological monographs},
  volume={54},
  number={6},
  pages={i},
  year={1942},
  publisher={American Psychological Association}
}

@article{kruschke2000blocking,
  title={Blocking and backward blocking involve learned inattention},
  author={Kruschke, John K and Blair, Nathaniel J},
  journal={Psychonomic Bulletin \& Review},
  volume={7},
  number={4},
  pages={636--645},
  year={2000},
  publisher={Springer}
}

@incollection{wagner1970stimulus,
  title={Stimulus Selection and A “Modified Continuity Theoryrdquo},
  author={Wagner, Allan R},
  booktitle={Psychology of learning and motivation},
  volume={3},
  pages={1--41},
  year={1970},
  publisher={Elsevier}
}

@article{mackintosh1975theory,
  title={A theory of attention: Variations in the associability of stimuli with reinforcement.},
  author={Mackintosh, Nicholas J},
  journal={Psychological review},
  volume={82},
  number={4},
  pages={276},
  year={1975},
  publisher={American Psychological Association}
}

@incollection{rescorlaw72,
  added-at = {2011-05-09T23:10:52.000+0200},
  address = {New York},
  author = {Rescorla, Robert A. and Wagner, A. R.},
booktitle = {Classical conditioning {II}: {C}urrent research and theory},
  editor = {Black, A. H. and Prokasy, W. F.},
  pages = {64-99},
  publisher = {Appleton-Century-Crofts},
  title = {A theory of {P}avlovian conditioning: Variations on the effectiveness of reinforcement and non-reinforcement},
  year = 1972
}

@article{chapman1990cue,
  title={Cue interaction in human contingency judgment},
  author={Chapman, Gretchen B and Robbins, Steven J},
  journal={Memory \& Cognition},
  volume={18},
  number={5},
  pages={537--545},
  year={1990},
  publisher={Springer}
}

@article{arcediano1997blocking,
  title={Blocking of Pavlovian conditioning in humans},
  author={Arcediano, Francisco and Matute, Helena and Miller, Ralph R},
  journal={Learning and Motivation},
  volume={28},
  number={2},
  pages={188--199},
  year={1997},
  publisher={Elsevier}
}

@article{kruschke2005eye,
  title={Eye gaze and individual differences consistent with learned attention in associative blocking and highlighting.},
  author={Kruschke, John K and Kappenman, Emily S and Hetrick, William P},
  journal={Journal of Experimental Psychology: Learning, Memory, and Cognition},
  volume={31},
  number={5},
  pages={830},
  year={2005},
  publisher={American Psychological Association}
}

@article{hoffman2010costs,
  title={The costs of supervised classification: The effect of learning task on conceptual flexibility.},
  author={Hoffman, Aaron B and Rehder, Bob},
  journal={Journal of Experimental Psychology: General},
  volume={139},
  number={2},
  pages={319},
  year={2010},
  publisher={American Psychological Association}
}